<?xml version = "1.0" encoding = "UTF-8"?><OAI-PMH xmlns="http://www.openarchives.org/OAI/2.0/" xmlns:xsi="http://www.w3.org/2001/XMLSchema-instance" xsi:schemaLocation="http://www.openarchives.org/OAI/2.0/ http://www.openarchives.org/OAI/2.0/OAI-PMH.xsd"><ListRecords><record><header><identifier>aleph-publish:019812141</identifier></header><metadata><record xmlns="http://www.ddb.de/professionell/mabxml/mabxml-1.xsd"><leader>00000nM2.01200024------h</leader><controlfield tag="LDR">00000nM2.01200024------h</controlfield><controlfield tag="FMT">MH</controlfield><datafield tag="001" ind1="-" ind2="1"><subfield code="a">HT017749491</subfield></datafield><datafield tag="002" ind1="b" ind2="1"><subfield code="a">20130826</subfield></datafield><datafield tag="003" ind1="-" ind2="1"><subfield code="a">20150612</subfield></datafield><datafield tag="020" ind1="a" ind2="1"><subfield code="a">1037928636</subfield><subfield code="b">DNB</subfield></datafield><datafield tag="025" ind1="o" ind2="1"><subfield code="a">868050394</subfield></datafield><datafield tag="025" ind1="a" ind2="1"><subfield code="a">1037928636</subfield></datafield><datafield tag="026" ind1="-" ind2="1"><subfield code="a">DNB1037928636</subfield></datafield><controlfield tag="030">a||da||||||17</controlfield><datafield tag="036" ind1="a" ind2="1"><subfield code="a">XA-DE-HE</subfield></datafield><datafield tag="037" ind1="b" ind2="1"><subfield code="a">ger</subfield></datafield><controlfield tag="050">a|a|||||||||||</controlfield><controlfield tag="051">m|||||||</controlfield><datafield tag="064" ind1="a" ind2="1"><subfield code="a">Kommentar</subfield><subfield code="9">(DE-588)4136710-8</subfield></datafield><datafield tag="070" ind1="-" ind2="1"><subfield code="a">61</subfield></datafield><datafield tag="070" ind1="a" ind2="1"><subfield code="a">DNB</subfield></datafield><datafield tag="070" ind1="b" ind2="1"><subfield code="a">708</subfield></datafield><datafield tag="078" ind1="n" ind2="1"><subfield code="a">NWBib-61</subfield></datafield><datafield tag="080" ind1="-" ind2="1"><subfield code="a">60</subfield></datafield><datafield tag="100" ind1="-" ind2="1"><subfield code="p">Haurand, Günter</subfield></datafield><datafield tag="331" ind1="-" ind2="1"><subfield code="a">Landeshundegesetz Nordrhein-Westfalen</subfield></datafield><datafield tag="335" ind1="-" ind2="1"><subfield code="a">(LHundG NRW) ; Kommentar</subfield></datafield><datafield tag="359" ind1="-" ind2="1"><subfield code="a">von Günter Haurand</subfield></datafield><datafield tag="403" ind1="-" ind2="1"><subfield code="a">6. Aufl.</subfield></datafield><datafield tag="410" ind1="-" ind2="1"><subfield code="a">Wiesbaden</subfield></datafield><datafield tag="412" ind1="-" ind2="1"><subfield code="a">Kommunal- und Schul-Verl.</subfield></datafield><datafield tag="425" ind1="a" ind2="1"><subfield code="a">2014</subfield></datafield><datafield tag="433" ind1="-" ind2="1"><subfield code="a">278 S.</subfield></datafield><datafield tag="540" ind1="a" ind2="1"><subfield code="a">978-3-8293-1086-4</subfield><subfield code="b">Kart. : EUR 32.00 (DE), EUR 32.90 (AT), sfr 42.90 (freier Pr.)</subfield></datafield><datafield tag="553" ind1="a" ind2="1"><subfield code="a">9783829310864</subfield></datafield><datafield tag="574" ind1="-" ind2="1"><subfield code="a">13,N33</subfield></datafield><datafield tag="655" ind1="e" ind2="1"><subfield code="m">B:DE-101</subfield><subfield code="q">application/pdf</subfield><subfield code="u">http://digitale-objekte.hbz-nrw.de/storage/2014/01/18/file_29/5451567.pdf</subfield><subfield code="3">Inhaltsverzeichnis</subfield><subfield code="A">2</subfield></datafield><datafield tag="700" ind1="n" ind2="1"><subfield code="a">Nordrhein-Westfalen</subfield><subfield code="0">https://nwbib.de/spatial#N01</subfield></datafield><datafield tag="700" ind1="n" ind2="1"><subfield code="a">Ordnungsrecht</subfield><subfield code="0">https://nwbib.de/subjects#N428020</subfield></datafield><datafield tag="902" ind1="-" ind2="1"><subfield code="k">Nordrhein-Westfalen</subfield><subfield code="t">Landeshundegesetz</subfield><subfield code="9">(DE-588)4756230-4</subfield></datafield><controlfield tag="SYS">019812141</controlfield><datafield tag="LOW" ind1="-" ind2="1"><subfield code="a">B3001</subfield></datafield><datafield tag="LOW" ind1="-" ind2="1"><subfield code="a">K1075</subfield></datafield><datafield tag="952" ind1="-" ind2="1"><subfield code="k">Nordrhein-Westfalen</subfield><subfield code="t">Hundegesetz für das Land Nordrhein-Westfalen</subfield></datafield><datafield tag="952" ind1="-" ind2="1"><subfield code="k">Nordrhein-Westfalen</subfield><subfield code="t">LandHundG</subfield></datafield><datafield tag="088" ind1=" " ind2=" "><subfield code="a">294/39</subfield><subfield code="b">00039000</subfield><subfield code="c">60/J-5/50:6</subfield><subfield code="e">keine ILL</subfield></datafield><datafield tag="088" ind1=" " ind2=" "><subfield code="a">38/228</subfield><subfield code="b">00228001</subfield><subfield code="c">213/WISSR/Lg10d:7;6</subfield><subfield code="e">keine ILL</subfield></datafield><datafield tag="088" ind1=" " ind2=" "><subfield code="a">61/81</subfield><subfield code="b">81P</subfield><subfield code="c">juru208.h375</subfield><subfield code="e">Praesenzbestand</subfield></datafield><datafield tag="088" ind1=" " ind2=" "><subfield code="a">708</subfield><subfield code="c">QRZ/HAGU</subfield><subfield code="e">Keine Angabe</subfield></datafield><datafield tag="088" ind1=" " ind2=" "><subfield code="a">6/016</subfield><subfield code="c">VwR XII CH 18/6</subfield><subfield code="e">keine Angabe</subfield></datafield></record></metadata></record></ListRecords></OAI-PMH>